@book{Author1990,
  author    = {Author, A.},
  title     = {Title of the Book},
  publisher = {Publisher},
  year      = {1990},
  address   = {City},
}

@article{Smith2019,
  author  = {Smith, B.},
  title   = {Title of the Article},
  journal = {Journal Name},
  year    = {2019},
  volume  = {10},
  pages   = {100-110},
}

@misc{Johnson2021,
  author = {Johnson, C.},
  title  = {Title of the Online Source},
  year   = {2021},
  howpublished = {\url{https://example.com}},
}
